@article{ellis2019write,
    title={Write, execute, assess: Program synthesis with a {REPL}},
    author={Ellis, Kevin and Nye, Maxwell and Pu, Yewen and Sosa, Felix and Tenenbaum, Josh and Solar-Lezama, Armando},
    journal={arXiv preprint arXiv:1906.04604},
    year={2019}
}

@misc{considine2019gympc,
    authors = {Considine, Breandan and Gastellu, Nicolas and Rosenblitt, Jared and Simine, Yelina},
    title = {gym-pc for {OpenAI Gym}},
    year = {2019},
    publisher = {GitHub},
    journal = {GitHub repository},
    howpublished = {https://github.com/breandan/gym-pc},
}

@article{urma2013expressive,
    title={Expressive and Scalable Source Code Queries with Graph Databases},
    author={Urma, Raoul-Gabriel and Mycroft, Alan},
    year={2013}
}

@article{husain2019codesearchnet,
    title={Codesearchnet challenge: Evaluating the state of semantic code search},
    author={Husain, Hamel and Wu, Ho-Hsiang and Gazit, Tiferet and Allamanis, Miltiadis and Brockschmidt, Marc},
    journal={arXiv preprint arXiv:1909.09436},
    url={https://arxiv.org/pdf/1909.09436.pdf},
    year={2019}
}

% http://fivedots.coe.psu.ac.th/~ad/landmarks/index.html

@article{davison2005searching,
    title={Searching Semi-Structured Data Using Landmarks},
    author={Davison, Andrew},
    year = {2005},
    url = {http://fivedots.coe.psu.ac.th/~ad/landmarks/landmarks.pdf},
}

@article{guo2020interactive,
    title={Interactive Fiction Game Playing as Multi-Paragraph Reading Comprehension with Reinforcement Learning},
    author={Guo, Xiaoxiao and Yu, Mo and Gao, Yupeng and Gan, Chuang and Campbell, Murray and Chang, Shiyu},
    journal={arXiv preprint arXiv:2010.02386},
    year={2020},
    url = {https://arxiv.org/pdf/2010.02386.pdf},
}

@article{welbl2018constructing,
    title={Constructing datasets for multi-hop reading comprehension across documents},
    author={Welbl, Johannes and Stenetorp, Pontus and Riedel, Sebastian},
    journal={Transactions of the Association for Computational Linguistics},
    volume={6},
    pages={287--302},
    year={2018},
    publisher={MIT Press},
    url = {https://www.mitpressjournals.org/doi/pdf/10.1162/tacl_a_00021},
}

@article{he2015deep,
    title={Deep reinforcement learning with a natural language action space},
    author={He, Ji and Chen, Jianshu and He, Xiaodong and Gao, Jianfeng and Li, Lihong and Deng, Li and Ostendorf, Mari},
    journal={arXiv preprint arXiv:1511.04636},
    year={2015},
    url = {https://arxiv.org/pdf/1511.04636.pdf},
}

@article{narasimhan2015language,
    title={Language understanding for text-based games using deep reinforcement learning},
    author={Narasimhan, Karthik and Kulkarni, Tejas and Barzilay, Regina},
    journal={arXiv preprint arXiv:1506.08941},
    year={2015},
    url = {https://arxiv.org/pdf/1506.08941.pdf},
}

@article{ammanabrolu2018playing,
    title={Playing text-adventure games with graph-based deep reinforcement learning},
    author={Ammanabrolu, Prithviraj and Riedl, Mark O},
    journal={arXiv preprint arXiv:1812.01628},
    year={2018},
    url = {https://arxiv.org/pdf/1812.01628.pdf},
}

@article{ammanabrolu2020graph,
    title={Graph constrained reinforcement learning for natural language action spaces},
    author={Ammanabrolu, Prithviraj and Hausknecht, Matthew},
    journal={arXiv preprint arXiv:2001.08837},
    year={2020},
    url = {https://arxiv.org/pdf/2001.08837.pdf},
}

@article{johnson2020learning,
    title={Learning graph structure with a finite-state automaton layer},
    author={Johnson, Daniel D and Larochelle, Hugo and Tarlow, Daniel},
    journal={arXiv preprint arXiv:2007.04929},
    year={2020},
    url = {https://arxiv.org/pdf/2007.04929.pdf},
}

@inproceedings{chen2020program,
    title={Program Synthesis Using Deduction-Guided Reinforcement Learning},
    author={Chen, Yanju and Wang, Chenglong and Bastani, Osbert and Dillig, Isil and Feng, Yu},
    booktitle={International Conference on Computer Aided Verification},
    pages={587--610},
    year={2020},
    organization={Springer},
    url = {https://link.springer.com/chapter/10.1007/978-3-030-53291-8_30},
}

@article{walke2020learning,
    title={Learning to Infer Shape Programs Using Latent Execution Self Training},
    author={Walke, Homer and Jones, R Kenny and Ritchie, Daniel},
    journal={arXiv preprint arXiv:2011.13045},
    year={2020},
    url = {https://arxiv.org/pdf/2011.13045.pdf},
}

@article{allamanis2017learning,
    title={Learning to represent programs with graphs},
    author={Allamanis, Miltiadis and Brockschmidt, Marc and Khademi, Mahmoud},
    journal={arXiv preprint arXiv:1711.00740},
    year={2017},
    url = {https://arxiv.org/pdf/1711.00740.pdf},
}

@article{buck2017ask,
    title={Ask the right questions: Active question reformulation with reinforcement learning},
    author={Buck, Christian and Bulian, Jannis and Ciaramita, Massimiliano and Gajewski, Wojciech and Gesmundo, Andrea and Houlsby, Neil and Wang, Wei},
    journal={arXiv preprint arXiv:1705.07830},
    year={2017},
    url = {https://arxiv.org/pdf/1705.07830.pdf},
}

@article{chen2019reinforcement,
    title={Reinforcement learning based graph-to-sequence model for natural question generation},
    author={Chen, Yu and Wu, Lingfei and Zaki, Mohammed J},
    journal={arXiv preprint arXiv:1908.04942},
    year={2019},
    url = {https://arxiv.org/pdf/1908.04942.pdf},
}

@inproceedings{guo2017semantically,
    title={Semantically enhanced software traceability using deep learning techniques},
    author={Guo, Jin and Cheng, Jinghui and Cleland-Huang, Jane},
    booktitle={2017 IEEE/ACM 39th International Conference on Software Engineering (ICSE)},
    pages={3--14},
    year={2017},
    organization={IEEE},
    url = {https://arxiv.org/pdf/1804.02438.pdf},
}

@article{malkov2018efficient,
    title={Efficient and robust approximate nearest neighbor search using hierarchical navigable small world graphs},
    author={Malkov, Yu A and Yashunin, Dmitry A},
    journal={IEEE transactions on pattern analysis and machine intelligence},
    volume={42},
    number={4},
    pages={824--836},
    year={2018},
    publisher={IEEE}
}

@article{feng2020codebert,
    title={Code{BERT}: A pre-trained model for programming and natural languages},
    author={Feng, Zhangyin and Guo, Daya and Tang, Duyu and Duan, Nan and Feng, Xiaocheng and Gong, Ming and Shou, Linjun and Qin, Bing and Liu, Ting and Jiang, Daxin and others},
    journal={arXiv preprint arXiv:2002.08155},
    year={2020}
}

@inproceedings{gu2018deep,
    title={Deep code search},
    author={Gu, Xiaodong and Zhang, Hongyu and Kim, Sunghun},
    booktitle={2018 IEEE/ACM 40th International Conference on Software Engineering (ICSE)},
    pages={933--944},
    year={2018},
    organization={IEEE},
    url = {https://guxd.github.io/papers/deepcs.pdf},
}

@article{luan2019aroma,
    title={Aroma: Code recommendation via structural code search},
    author={Luan, Sifei and Yang, Di and Barnaby, Celeste and Sen, Koushik and Chandra, Satish},
    journal={Proceedings of the ACM on Programming Languages},
    volume={3},
    number={OOPSLA},
    pages={1--28},
    year={2019},
    publisher={ACM New York, NY, USA},
    url = {https://arxiv.org/pdf/1812.01158.pdf},
}

@inproceedings{cambronero2019deep,
    title={When deep learning met code search},
    author={Cambronero, Jose and Li, Hongyu and Kim, Seohyun and Sen, Koushik and Chandra, Satish},
    booktitle={Proceedings of the 2019 27th ACM Joint Meeting on European Software Engineering Conference and Symposium on the Foundations of Software Engineering},
    pages={964--974},
    year={2019},
    url = {https://arxiv.org/pdf/1905.03813.pdf},
}

@inproceedings{kim2018facoy,
    title={{FaCoY}: a code-to-code search engine},
    author={Kim, Kisub and Kim, Dongsun and Bissyand{\'e}, Tegawend{\'e} F and Choi, Eunjong and Li, Li and Klein, Jacques and Traon, Yves Le},
    booktitle={Proceedings of the 40th International Conference on Software Engineering},
    pages={946--957},
    year={2018},
    url = {https://dl.acm.org/doi/pdf/10.1145/3180155.3180187},
}

@inproceedings{asyrofi2020ausearch,
    title={{AU}Search: Accurate {API} Usage Search in {G}it{H}ub Repositories with Type Resolution},
    author={Asyrofi, Muhammad Hilmi and Thung, Ferdian and Lo, David and Jiang, Lingxiao},
    booktitle={2020 IEEE 27th International Conference on Software Analysis, Evolution and Reengineering (SANER)},
    pages={637--641},
    year={2020},
    organization={IEEE}
}

@inproceedings{premtoon2020semantic,
    title={Semantic code search via equational reasoning},
    author={Premtoon, Varot and Koppel, James and Solar-Lezama, Armando},
    booktitle={Proceedings of the 41st ACM SIGPLAN Conference on Programming Language Design and Implementation},
    pages={1066--1082},
    year={2020}
}

@inproceedings{mihalcea2004textrank,
    title={Text{R}ank: Bringing order into text},
    author={Mihalcea, Rada and Tarau, Paul},
    booktitle={Proceedings of the 2004 conference on empirical methods in natural language processing},
    pages={404--411},
    year={2004},
    url = {https://www.aclweb.org/anthology/W04-3252.pdf},
}

@inproceedings{zhou2019lancer,
    title={Lancer: Your code tell me what you need},
    author={Zhou, Shufan and Shen, Beijun and Zhong, Hao},
    booktitle={2019 34th IEEE/ACM International Conference on Automated Software Engineering (ASE)},
    pages={1202--1205},
    year={2019},
    organization={IEEE}
}

@misc{guo2021graphcodebert,
    title={GraphCodeBERT: Pre-training Code Representations with Data Flow},
    author={Daya Guo and Shuo Ren and Shuai Lu and Zhangyin Feng and Duyu Tang and Shujie Liu and Long Zhou and Nan Duan and Alexey Svyatkovskiy and Shengyu Fu and Michele Tufano and Shao Kun Deng and Colin Clement and Dawn Drain and Neel Sundaresan and Jian Yin and Daxin Jiang and Ming Zhou},
    year={2021},
    eprint={2009.08366},
    archivePrefix={arXiv},
    primaryClass={cs.SE}
}

@misc{lu2021codexglue,
    title={{CodeXGLUE: A Machine Learning Benchmark Dataset for Code Understanding and Generation}},
    author={Shuai Lu and Daya Guo and Shuo Ren and Junjie Huang and Alexey Svyatkovskiy and Ambrosio Blanco and Colin Clement and Dawn Drain and Daxin Jiang and Duyu Tang and Ge Li and Lidong Zhou and Linjun Shou and Long Zhou and Michele Tufano and Ming Gong and Ming Zhou and Nan Duan and Neel Sundaresan and Shao Kun Deng and Shengyu Fu and Shujie Liu},
    year={2021},
    eprint={2102.04664},
    archivePrefix={arXiv},
    primaryClass={cs.SE}
}

@misc{liu2019roberta,
    title={{RoBERTa: A Robustly Optimized BERT Pretraining Approach}},
    author={Yinhan Liu and Myle Ott and Naman Goyal and Jingfei Du and Mandar Joshi and Danqi Chen and Omer Levy and Mike Lewis and Luke Zettlemoyer and Veselin Stoyanov},
    year={2019},
    eprint={1907.11692},
    archivePrefix={arXiv},
    primaryClass={cs.CL}
}

@misc{chen2021evaluating,
    title={Evaluating Large Language Models Trained on Code},
    author={Mark Chen and others},
    journal={arXiv preprint arXiv:2107.03374},
    year={2021},
}


@article{weiss2018practical,
    title={{On the practical computational power of finite precision RNNs for language recognition}},
    author={Weiss, Gail and Goldberg, Yoav and Yahav, Eran},
    journal={arXiv preprint arXiv:1805.04908},
    year={2018}
}

@article{merrill2021power,
    title={On the power of saturated transformers: A view from circuit complexity},
    author={Merrill, William and Goldberg, Yoav and Smith, Noah A},
    journal={arXiv preprint arXiv:2106.16213},
    year={2021}
}

@article{chen1995metamorphic,
    title={Metamorphic testing of programs on partial differential},
    author={Chen, TY and Feng, J and Tse, TH},
    journal={Information and Computation},
    volume={121},
    number={1},
    pages={93--102},
    year={1995}
}

@inproceedings{vaswani2017attention,
    title={Attention is all you need},
    author={Vaswani, Ashish and Shazeer, Noam and Parmar, Niki and Uszkoreit, Jakob and Jones, Llion and Gomez, Aidan N and Kaiser, {\L}ukasz and Polosukhin, Illia},
    booktitle={Advances in neural information processing systems},
    pages={5998--6008},
    year={2017}
}

@article{devlin2018bert,
    title={{BERT: Pre-training of deep bidirectional transformers for language understanding}},
    author={Devlin, Jacob and Chang, Ming-Wei and Lee, Kenton and Toutanova, Kristina},
    journal={arXiv preprint arXiv:1810.04805},
    year={2018}
}

@article{anand2021adversarial,
    title={On Adversarial Robustness of Synthetic Code Generation},
    author={Anand, Mrinal and Kayal, Pratik and Singh, Mayank},
    journal={arXiv preprint arXiv:2106.11629},
    year={2021}
}

@inproceedings{bielik2020adversarial,
    title={Adversarial robustness for code},
    author={Bielik, Pavol and Vechev, Martin},
    booktitle={International Conference on Machine Learning},
    pages={896--907},
    year={2020},
    organization={PMLR}
}

@article{zhou2021adversarial,
    title={Adversarial Robustness of Deep Code Comment Generation},
    author={Zhou, Yu and Zhang, Xiaoqing and Shen, Juanjuan and Han, Tingting and Chen, Taolue and Gall, Harald},
    journal={arXiv preprint arXiv:2108.00213},
    year={2021},
    url = {https://arxiv.org/pdf/2108.00213.pdf},
}

@article{rabin2021generalizability,
    title={On the generalizability of Neural Program Models with respect to semantic-preserving program transformations},
    author={Rabin, Md Rafiqul Islam and Bui, Nghi DQ and Wang, Ke and Yu, Yijun and Jiang, Lingxiao and Alipour, Mohammad Amin},
    journal={Information and Software Technology},
    volume={135},
    pages={106552},
    year={2021},
    publisher={Elsevier}
}

@article{sun2020adv,
    title={{Adv-BERT: BERT is not robust on misspellings! Generating nature adversarial samples on BERT}},
    author={Sun, Lichao and Hashimoto, Kazuma and Yin, Wenpeng and Asai, Akari and Li, Jia and Yu, Philip and Xiong, Caiming},
    journal={arXiv preprint arXiv:2003.04985},
    year={2020}
}

@article{gurin1991refal,
    title={The {Refal Plus} Programming Language},
    author={Gurin, Ruten and Romanenko, Sergei},
    year={1991}
}

@article{cordy2004txl,
    title={{TXL}-a language for programming language tools and applications},
    author={Cordy, James R},
    journal={Electronic notes in theoretical computer science},
    volume={110},
    pages={3--31},
    year={2004},
    publisher={Elsevier}
}

@book{solar2008program,
    title={Program synthesis by sketching},
    author={Solar-Lezama, Armando},
    year={2008},
    publisher={University of California, Berkeley}
}

@phdthesis{rule2020child,
    title={The child as hacker: building more human-like models of learning},
    author={Rule, Joshua Stewart},
    year={2020},
    school={Massachusetts Institute of Technology}
}

@article{sinha2021masked,
    title={Masked language modeling and the distributional hypothesis: Order word matters pre-training for little},
    author={Sinha, Koustuv and Jia, Robin and Hupkes, Dieuwke and Pineau, Joelle and Williams, Adina and Kiela, Douwe},
    journal={arXiv preprint arXiv:2104.06644},
    year={2021}
}

@phdthesis{morris1969lambda,
    title={Lambda-calculus models of programming languages.},
    author={Morris Jr, James Hiram},
    year={1969},
    school={Massachusetts Institute of Technology},
    url = {https://dspace.mit.edu/bitstream/handle/1721.1/64850/23882173-MIT.pdf},
}

@article{liu2021codeqa,
    title={{CodeQA}: A Question Answering Dataset for Source Code Comprehension},
    author={Liu, Chenxiao and Wan, Xiaojun},
    journal={arXiv preprint arXiv:2109.08365},
    year={2021},
    url = {https://arxiv.org/pdf/2109.08365.pdf},
}

@article{troshin2022probing,
    title={Probing Pretrained Models of Source Code},
    author={Troshin, Sergey and Chirkova, Nadezhda},
    journal={arXiv preprint arXiv:2202.08975},
    year={2022},
    url = {https://arxiv.org/pdf/2202.08975.pdf},
}

@article{chirkova2020empirical,
    title={Empirical study of transformers for source code},
    author={Chirkova, Nadezhda and Troshin, Sergey},
    journal={arXiv preprint arXiv:2010.07987},
    year={2020}
}

@inproceedings{parr2016towards,
    title={Towards a universal code formatter through machine learning},
    author={Parr, Terence and Vinju, Jurgen},
    booktitle={Proceedings of the 2016 ACM SIGPLAN International Conference on Software Language Engineering},
    pages={137--151},
    year={2016}
}

@inproceedings{hu2018deep,
    title={Deep code comment generation},
    author={Hu, Xing and Li, Ge and Xia, Xin and Lo, David and Jin, Zhi},
    booktitle={2018 IEEE/ACM 26th International Conference on Program Comprehension (ICPC)},
    pages={200--20010},
    year={2018},
    organization={IEEE}
}

% Xiaojie's suggestions

@inproceedings{white2016deep,
    title={Deep learning code fragments for code clone detection},
    author={White, Martin and Tufano, Michele and Vendome, Christopher and Poshyvanyk, Denys},
    booktitle={2016 31st IEEE/ACM International Conference on Automated Software Engineering (ASE)},
    pages={87--98},
    year={2016},
    organization={IEEE},
    url={https://mustang.cec.miamioh.edu/Resources/Publication/ASE16-DeepLearningClones.pdf}
}


@inproceedings{tiwang2019deep,
    title={A deep learning model for source code generation},
    author={Tiwang, Raymond and Oladunni, Timothy and Xu, Weifeng},
    booktitle={2019 SoutheastCon},
    pages={1--7},
    year={2019},
    organization={IEEE},
    url={http://docs.udc.edu/seas/Faculty/Oladunni-A-Deep-Learning-Model-for-Source-Code-Generation.pdf}
}


@article{le2020deep,
    title={Deep learning for source code modeling and generation: Models, applications, and challenges},
    author={Le, Triet HM and Chen, Hao and Babar, Muhammad Ali},
    journal={ACM Computing Surveys (CSUR)},
    volume={53},
    number={3},
    pages={1--38},
    year={2020},
    publisher={ACM New York, NY, USA},
    url={https://arxiv.org/pdf/2002.05442.pdf}
}

@article{hussain2020deep,
    title={Deep transfer learning for source code modeling},
    author={Hussain, Yasir and Huang, Zhiqiu and Zhou, Yu and Wang, Senzhang},
    journal={International Journal of Software Engineering and Knowledge Engineering},
    volume={30},
    number={05},
    pages={649--668},
    year={2020},
    publisher={World Scientific},
    url={https://arxiv.org/pdf/1910.05493.pdf}
}

@inproceedings{hellendoorn2017deep,
    title={Are deep neural networks the best choice for modeling source code?},
    author={Hellendoorn, Vincent J and Devanbu, Premkumar},
    booktitle={Proceedings of the 2017 11th Joint Meeting on Foundations of Software Engineering},
    pages={763--773},
    year={2017},
    url={https://dl.acm.org/doi/pdf/10.1145/3106237.3106290}
}

@article{huang2020commtpst,
    title={{CommtPst}: Deep learning source code for commenting positions prediction},
    author={Huang, Yuan and Hu, Xinyu and Jia, Nan and Chen, Xiangping and Zheng, Zibin and Luo, Xiapu},
    journal={Journal of Systems and Software},
    volume={170},
    pages={110754},
    year={2020},
    publisher={Elsevier}
}

@article{hussain2020codegru,
    title={{CodeGRU}: Context-aware deep learning with gated recurrent unit for source code modeling},
    author={Hussain, Yasir and Huang, Zhiqiu and Zhou, Yu and Wang, Senzhang},
    journal={Information and Software Technology},
    volume={125},
    pages={106309},
    year={2020},
    publisher={Elsevier},
    url={https://arxiv.org/pdf/1903.00884}
}

@article{hendrycks2019using,
    title={Using self-supervised learning can improve model robustness and uncertainty},
    author={Hendrycks, Dan and Mazeika, Mantas and Kadavath, Saurav and Song, Dawn},
    journal={Advances in Neural Information Processing Systems},
    volume={32},
    year={2019},
    url={https://proceedings.neurips.cc/paper/2019/file/a2b15837edac15df90721968986f7f8e-Paper.pdf}
}

@inproceedings{zhang2020generating,
    title={Generating adversarial examples for holding robustness of source code processing models},
    author={Zhang, Huangzhao and Li, Zhuo and Li, Ge and Ma, Lei and Liu, Yang and Jin, Zhi},
    booktitle={Proceedings of the AAAI Conference on Artificial Intelligence},
    volume={34},
    number={01},
    pages={1169--1176},
    year={2020},
    url={https://ojs.aaai.org/index.php/AAAI/article/view/5469/5325}
}

@article{ramakrishnan2020semantic,
    title={Semantic robustness of models of source code},
    author={Ramakrishnan, Goutham and Henkel, Jordan and Wang, Zi and Albarghouthi, Aws and Jha, Somesh and Reps, Thomas},
    journal={arXiv preprint arXiv:2002.03043},
    year={2020},
    url={https://arxiv.org/pdf/2002.03043}
}

@inproceedings{wang2021robot,
    title={Robot: robustness-oriented testing for deep learning systems},
    author={Wang, Jingyi and Chen, Jialuo and Sun, Youcheng and Ma, Xingjun and Wang, Dongxia and Sun, Jun and Cheng, Peng},
    booktitle={2021 IEEE/ACM 43rd International Conference on Software Engineering (ICSE)},
    pages={300--311},
    year={2021},
    organization={IEEE},
    url={https://arxiv.org/pdf/2102.05913}
}

@article{madry2017towards,
    title={Towards deep learning models resistant to adversarial attacks},
    author={Madry, Aleksander and Makelov, Aleksandar and Schmidt, Ludwig and Tsipras, Dimitris and Vladu, Adrian},
    journal={arXiv preprint arXiv:1706.06083},
    year={2017},
    url={https://arxiv.org/pdf/1706.06083.pdf}
}

@article{cruz2021automated,
    title={Automated source code generation and auto-completion using deep learning: Comparing and discussing current language model-related approaches},
    author={Cruz-Benito, Juan and Vishwakarma, Sanjay and Martin-Fernandez, Francisco and Faro, Ismael},
    journal={AI},
    volume={2},
    number={1},
    pages={1--16},
    year={2021},
    publisher={Multidisciplinary Digital Publishing Institute},
    url={https://www.mdpi.com/2673-2688/2/1/1/pdf}
}

@article{wang2020cat,
    title={Cat-gen: Improving robustness in {NLP} models via controlled adversarial text generation},
    author={Wang, Tianlu and Wang, Xuezhi and Qin, Yao and Packer, Ben and Li, Kang and Chen, Jilin and Beutel, Alex and Chi, Ed},
    journal={arXiv preprint arXiv:2010.02338},
    year={2020},
    url={https://arxiv.org/pdf/2010.02338}
}

@article{michel2019evaluation,
    title={On evaluation of adversarial perturbations for sequence-to-sequence models},
    author={Michel, Paul and Li, Xian and Neubig, Graham and Pino, Juan Miguel},
    journal={arXiv preprint arXiv:1903.06620},
    year={2019},
    url={https://arxiv.org/pdf/1903.06620.pdf}
}
